@article{ucs-schule, 
author={Univention},
title={{Übersichtsseite zu UCS@school}},
note={\\\url{http://www.univention.de/produkte/schule}},
year={2011}, 
} 
@article{ucs-dokumentationen, 
author={Univention},
title={{Übersichtsseite der weiteren UCS Dokumentationen}},
note={\\\url{http://www.univention.de/download/dokumentation/standarddokumentation/}},
year={2011}, 
} 
@article{wiki-udm-developer-docs,
author={Univention},
title={{Univention Wiki - UCS 3.0 Univention Directory Manager Modules}},
note={\\\url{http://wiki.univention.de/index.php?title=UCS_3.0_Univention_Directory_Manager_Modules}},
year={2011}, 
} 
@article{wiki-samba4,
author={Univention},
title={{Univention Wiki - Samba in UCS 3.0}},
note={\\\url{http://wiki.univention.de/index.php?title=Samba_in_UCS_3.0}},
year={2011}, 
} 
@article{ucd-firefox7,
author={Univention},
title={{Univention Wiki - Firefox 7 auf UCD 3.1}},
note={\\\url{http://wiki.univention.de/index.php?title=Firefox_7_auf_UCD_3.1}},
year={2011}, 
} 
@article{ucs-school-teacher, 
author={Univention},
title={{UCS@school - Handbuch für Lehrkräfte zum alltäglichen Umgang mit der Univention Management Console (UMC)}},
note={\\\url{http://www.univention.de/fileadmin/download/dokumentation_ucs_schule/handbuch_ucsschool_lehrer_2.4.pdf}},
year={2011}, 
} 
@article{samba3-howto-chapter-20, 
author={Jelmer R. Vernooij and John H. Terpstra and Gerald (Jerry) Carter},
title={{The Official Samba 3.2.x HOWTO and Reference Guide}},
note={\\\href{http://samba.org/samba/docs/Samba3-HOWTO.pdf#chapter.20}{http://samba.org/samba/docs/Samba3-HOWTO.pdf}},
year={2010}, 
} 
@article{ucs-school-admin, 
author={Univention},
title={{UCS@school - Handbuch für Administratoren}},
note={\\\url{http://www.univention.de/fileadmin/download/dokumentation_ucs_schule/handbuch_ucsschool_admins_2.4.pdf}},
year={2011}, 
} 
@article{wiki-konvertierung-custom-attrs,
author={Univention},
title={{Univention Wiki - Aktualisierung von benutzerdefinierten Attributen zu erweiterten Attributen}},
note={\\\url{http://wiki.univention.de/index.php?title=Update_Custom_Attributes_to_Extended_Attributes}},
year={2011}, 
} 
@article{wiki-samba-update,
author={Univention},
title={{Univention Wiki - Update to UCS 3.0 Samba 4}},
note={\\\url{http://wiki.univention.de/index.php?title=Update_to_UCS_3.0_Samba_4}},
year={2011}, 
} 
\ucsURL{}
@article{ucs-handbuch, 
author={Univention},
title={{Univention Corporate Server - Handbuch für Benutzer und Administratoren}},
note={\\\url{http://docs.univention.de/handbuch.pdf}},
year={2012}, 
} 
@article{sdb-acls, 
author={Univention},
title={{Univention Support Database - Wie können ACLs sind UCS konfiguriert werden}},
note={\\\url{http://sdb.univention.de/1042}},
year={2011}, 
} 
@article{univention-technologiepartner, 
author={Univention},
title={{Univention Technologiepartner}},
note={\\\url{http://www.univention.de/partner/technologiepartner/}},
year={2011}, 
} 
@article{ucd-handbuch, 
author={Univention},
title={{Univention Corporate Desktop - Handbuch für Administratoren}},
note={\\\url{http://www.univention.de/fileadmin/download/dokumentation_ucd/handbuch-ucd-3.1.pdf}},
year={2011}, 
} 
@article{ucs-szenarien,
author={Univention},
title={{UCS Szenarien}},
note={\\\url{http://www.univention.de/fileadmin/download/dokumentation_2.2/ucs_szenarien_22.pdf}},
year={2011}, 
} 
@article{univention-paketerstellung, 
author={Univention},
title={{Univention Paketerstellung}},
note={\\\url{http://wiki.univention.de/index.php?title=Paketierung_von_Software_f%C3%BCr_UCS}},
year={2011}, 
} 
@article{apt-howto, 
author={Gustavo Noronha Silva},
title={{APT HOWTO }},
note={\\\url{http://www.debian.org/doc/manuals/apt-howto/}},
year={2010}, 
} 
@article{virtio-inst, 
author={Univention},
title={{UVMM - Windows-Systeme mit virtIO installieren}},
note={\\\url{http://wiki.univention.de/index.php?title=UVMM-Windows-Systeme-mit-virtio-Treibern-installieren}},
year={2011}, 
} 
@article{italc-homepage, 
author={Tobias Doerffel},
title={{iTALC - Intelligent Teaching And Learning with Computers}},
note={\\\url{http://italc.sourceforge.net/}},
year={2011}, 
} 
@article{tcs-handbuch, 
author={Univention},
title={{UCS Thin Client Services 3.1 - Handbuch zur Installation, Einsatz und Betrieb von UCS Thin Client Services}},
note={\\\url{http://www.univention.de/fileadmin/download/dokumentation_ucs_tcs/ucs-tcs_3_1.pdf}},
year={2011}, 
} 
@article{ext-doc-inst, 
author={Univention},
title={{Extended installation documentation}},
note={\\\url{http://www.univention.de/fileadmin/download/dokumentation_ucs_tcs/FIXME.pdf}},
year={2012}, 
} 
@article{uvmm-technical-details, 
author={Univention},
title={{Univention Wiki - UVMM - Technische Details}},
note={\\\url{http://wiki.univention.de/index.php?title=UVMM_Technische_Details}},
year={2011}, 
} 
@article{dvs-technical-details, 
author={Univention},
title={{Univention Wiki - DVS - Technische Details}},
note={\\\url{http://wiki.univention.de/index.php?title=DVS-Technische-Details}},
year={2011}, 
} 
@article{uvmm-quickstart, 
author={Univention},
title={{Univention Wiki - UVMM - Quickstart Guide}},
note={\\\url{http://wiki.univention.de/index.php?title=UVMM_Quickstart}},
year={2011}, 
} 
@article{hardwarelist, 
author={Univention},
title={{Kompatible Hardware - mit UCS erfolgreich eingesetzt}},
note={\\\url{http://www.univention.de/produkte/ucs/produktinformationen/kompatible-hardware/}},
year={2012}, 
} 
@article{ec2-quickstart, 
author={Univention},
title={{Univention Wiki - Amazon EC2 Quickstart}},
note={\\\url{http://wiki.univention.de/index.php?title=Amazon_EC2_Quickstart}},
year={2012}, 
} 
@article{ubuntu-integration,
author={Univention},
title={{Ubuntu Integration}},
note={\\\url{http://wiki.univention.de/index.php?title=Ubuntu}},
year={2012}, 
} 


